@INBOOK{Carter,
 author = {Nicholas P. Carter},
 title = {Schaum's Outline of Computer Architecture},
 publisher = {Mcgraw-Hill},
 year = {2002},
 pages = {258-260},
 address = {US}
 }
 
 @INBOOK{Zhu,
 author = {Yifeng Zhu},
 title = {Embedded Systems with ARM Cortex-M Microcontrollers in Assembly Language and C},
 publisher = {E-Man Press},
 year = {2018},
 pages = {245-253},
 edition = {3rd},
 address = {US}
 }