@book{Sedgewick,
    author    = "Robert Sedgewick",
    title     = "Algorithms in C, Part 5: Graph Algorithms",
    year      = "2001",
    publisher = "Addison-Wesley",
    address   = "Upper Saddle River, New Jersey"
}