


@misc{WEF,
  author = {World Economic Forum},
  title = {Eco-awakening: how consumers are driving sustainability},
  year = {2021},
  howpublished = {\url{https://www.weforum.org/agenda/2021/05/eco-wakening-consumers-driving-sustainability}},
  note = {Accessed: 2023-04-27}
}

@misc{PULP,
    author = {EcoEnclose},
    title = {'What is Glassine?'},
    year = {2022},
    howpublished = {\url{https://www.ecoenclose.com/blog/what-is-glassine}},
    note = {Accessed: 2023-04-29}
}

@misc{STM1,
  author = {STMicroelectronics}, 
  title = {Long term value},
  year = {2023},
  howpublished = {\url{ https://www.st.com/content/st_com/en/about/sustainability/generating-long-term-value.html#:~:text=Responsible}},
  note = {Accessed: 2023-04-26}
}

@misc{STM2,
  author = {STMicroelectronics},
  title = {Responsible mineral sourcing},
  year = {2023}, 
  howpublished = {\url{https://www.sustainabilityreports.st.com/sr22/communities/responsible-mineral-sourcing.html}},
  note = {Accessed: 2023-04-28}
}

@misc{STM3,
  author =  {STMicroelectronics},
  title = {Sustainability},
  year = 2023,
  howpublished = {\url{https://www.st.com/content/st_com/en/about/sustainability.html}},
  note = {Accessed: 2023-04-27}
}

@misc{STM4,
  author =  {STMicroelectronics},
  title = {Mineral Sourcing in ST's supply chain},
  year = {2023},
  howpublished = {\url{https://www.st.com/content/st_com/en/about/st_approach_to_sustainability/sustainability-priorities/supply-chain-responsibility/conflict-free-minerals.html}},
  note = {Accessed: 2023-04-28}
}

@misc{MUTEX,
  author = {MUTEX EMBEDDED},
  title = {STM32F4 Discovery Board},
  year = {2017},
  howpublished = {\url{https://www.youtube.com/watch?v=23tILSLmQLw&list=PLfExI9i0v1sn_lQjCFJHrDSpvZ8F2CpkA&index=6}},
  note = {Accessed: 2023-02-15}
}

@misc{ALUM,
  author = {European Environment Agency},
  title = {Longer-lasting electronics benefit environment, climate and circular economy},
  year = {2020},
  howpublished = {\url{https://www.eea.europa.eu/highlights/longer-lasting-electronics-benefit-environment}},
  note = {Accessed: 2023-04-27}
}

@misc{JIVA,
  author = {Jiva Materials},
  title = {Jiva Materials | The World's First Fully Recyclable PCB Substrate},
  year = {2020},
  howpublished = {\url{https://www.jivamaterials.com/.}},
  note = {Accessed: 2023-04-29}
}

@misc{Rungler,
  author = {Rob Hordijk},
  title = {The Hordijk Modular Blog: Rungler},
  year = {2018},
  howpublished = {\url{https://thehordijkmodular.blogspot.com/search/label/Rungler}},
  note = {Accessed: 2023-02-20}
}


@article{MFresistor,
author = {Ruan, Jujun and Huang, Jiaxin and Dong, Lipeng and Huang, Zhe},
title = {Enviromentally Friendly Technology of Recovering Nickel Resources and Producing Nano-AI203 from Waste Metal Film Resistors},
journal = {ACS Sustainable Chemistry \& Engineering},
volume = {5},
number = {9},
pages = {8234-8240},
year = {2017},
URL = {https://doi.org/10.1021/acssuschemeng.7b01900}
}

@article{RecoEwaste,
title = {Recovery of metals and nonmetals from electronic waste by physical and chemical recycling},
journal = {Waste Management},
volume = {57},
pages = {64-90},
year = {2016},
url = {https://www.sciencedirect.com/science/article/pii/S0956053X16304299},
author = {Muammer Kaya}}

@BOOK{Neuro,
  title     = "Handbook of neurologic music therapy",
  editor    = "Thaut, Michael H and Hoemberg, Volker",
  publisher = "Oxford University Press",
  month     =  aug,
  year      =  2016,
  address   = "London, England"
}

@BOOK{Sedated,
  title     = "Sedated",
  author    = "Davies, James",
  publisher = "Atlantic Books",
  month     =  mar,
  year      =  2022,
  address   = "London, England"
}

@BOOK{LED,
  title     = "Electronic devices and circuit theory: Pearson new international
               edition",
  author    = "Boylestad, Robert L and Nashelsky, Louis",
  publisher = "Pearson Education",
  series    = "Pearson custom library",
  edition   =  11,
  month     =  jul,
  year      =  2013,
  address   = "London, England",
  language  = "en"
}







%WEF LINK: https://www.weforum.org/agenda/2021/05/eco-wakening-consumers-driving-sustainability/


%STM LINK 1: https://www.st.com/content/st_com/en/about/sustainability/generating-long-term-value.html#:~:text=Responsible%20sourcing%20of%20minerals,-We%20need%20to&text=manage%2C%20and%20monitor-,responsible%20mineral%20sourcing%20to%20ensure%20we%20do%20not%20procure%20raw,and%20to%20minimize%20environmental%20impact.

%stm LINK 2: https://www.sustainabilityreports.st.com/sr22/communities/responsible-mineral-sourcing.html

%STM LINK 3: https://www.st.com/content/st_com/en/about/sustainability.html

%STM LINK 4: %https://www.st.com/content/st_com/en/about/st_approach_to_sustainability/sustainability-%priorities/supply-chain-responsibility/conflict-free-minerals.html