@IEEEtranBSTCTL{IEEEexample:BSTcontrol,
CTLuse_article_number = "yes",
CTLuse_paper = "yes",
CTLuse_forced_etal = "no",
CTLmax_names_forced_etal = "10",
CTLnames_show_etal = "1",
CTLuse_alt_spacing = "yes",
CTLalt_stretch_factor = "4",
CTLdash_repeated_names = "yes",
CTLname_format_string = "{f.˜}{vv˜}{ll}{, jj}",
CTLname_latex_cmd = "",
CTLname_url_prefix = "[Online]. Available:"
}




@Incollection{Bresin,
  booktitle = "Proceedings of the sound and music computing conference 2013",
  title     = "A History of Sequencers: Interfaces for Organizing Pattern-based Music",
  author    = "Arar, Raphael and Kapur, Ajay",
  editor    = "Bresin, Roberto",
  publisher = "Logos Verlag Berlin",
  month     =  jul,
  year      =  2013,
  address   = "Berlin, Germany",
  language  = "en",
  pages = "383-388"
}

@BOOK{Holmes,
  title     = "Electronic and experimental music",
  author    = "Holmes, Thom",
  publisher = "Routledge",
  edition   =  6,
  month     =  mar,
  year      =  2020,
  address   = "London, England",
  language  = "en"
}

@BOOK{Strange,
  title     = "Electronic music: Systems, techniques, and controls",
  author    = "Strange, Allen",
  publisher = "W. C. Brown Company",
  year      =  1972,
  address = "Dubuque, Iowa",
  language  = "en",

}

@BOOK{Kirk,
  title     = "Digital sound processing for music and multimedia",
  author    = "Kirk, Ross and Hunt, Andy",
  publisher = "Focal Press",
  month     =  mar,
  year      =  1999,
  address   = "Oxford, England",
  language  = "en"
}

@BOOK{Diduck,
  title     = "Mad skills",
  author    = "Diduck, Ryan",
  publisher = "Repeater Books",
  month     =  mar,
  year      =  2018,
  address   = "London, England",
  language  = "en"
}

@BOOK{Manning,
  title     = "Electronic and Computer Music",
  author    = "Manning, Peter",
  publisher = "Oxford University Press",
  edition   =  4,
  month     =  feb,
  year      =  2013,
  address   = "New York, NY",
  language  = "en"
}

@BOOK{Milner,
  title     = "Perfecting sound forever",
  author    = "Milner, Greg",
  publisher = "Granta Books",
  month     =  jul,
  year      =  2010,
  address   = "London, England"
}

@BOOK{Moggridge,
  title     = "Designing Interactions",
  author    = "Moggridge, Bill",
  publisher = "MIT Press",
  series    = "The MIT Press",
  month     =  oct,
  year      =  2006,
  address   = "London, England"
}

@BOOK{Bjorn1,
  title    = "Push turn move: Interface design in electronic music",
  author   = "Bj{\o}rn, Kim",
  publisher = "Bjooks",
  year     =  2017,
  language = "en"
}

@BOOK{Huber,
  title     = "The {MIDI} manual",
  author    = "Huber, David Miles",
  publisher = "Routledge",
  series    = "Audio Engineering Society Presents",
  edition   =  4,
  month     =  oct,
  year      =  2020,
  address   = "London, England",
  language  = "en"
}

@BOOK{Katz,
  title     = "Capturing sound",
  author    = "Katz, Mark",
  publisher = "University of California Press",
  month     =  oct,
  year      =  2010,
  address   = "Berkeley, CA"
}

@BOOK{Bjorn2,
  title    = "Patch \& tweak. Exploring modular synthesis",
  author   = "Bj{\o}rn, Kim",
  publisher = "Bjooks",
  year     =  2018,
  language = "en"
}

@misc{Rolando1, 
  title={{Make Noise! Tony Rolando \& Kelly Kelbel Craft a Strange \& Beautiful New Aesthetic for Analog Synth Modules}}, 
  howpublished = {\url{https://tapeop.com/interviews/104/make-noise-records}}, 
  journal={Tape Op - the Creative Music Recording Magazine}, 
  author={Maiolo, Alex}, 
  year={2014},
  note = {Accessed: 2023-11-12}
}

@misc{Rolando2,
  author = {Rory Dow},
  title = {{Make Noise René}},
  year = {2019},
  howpublished = {\url{https://www.soundonsound.com/reviews/make-noise-rene}},
  note = {Accessed: 2023-12-15}
}

@misc{Turing,
  author = {mylarmelodies},
  title = {{Music Thing Turing Machine (Plus All Expanders!) Demo/Mega Tutorial}},
  year = {2022},
  howpublished = {\url{https://www.youtube.com/watch?v=-Q6dXbtNh0Q}},
  note = {Accessed: 2023-12-13}
}

@misc{Stoicha,
  author = {mylarmelodies},
  title = {{Euclidean Drum Sequencers Explained (Rebel Tech Stoichea + Tonic Demo)}},
  year = {2018},
  howpublished = {\url{https://www.youtube.com/watch?v=EMhbDbMcLBY}},
  note = {Accessed: 2023-12-02}
}

@misc{Torso,
  author = {loopop},
  title = {{TORSO T-1 // Generative sequencer review and tutorial}},
  year = {2020},
  howpublished = {\url{https://www.youtube.com/watch?v=j3Ho3sKDJFg}},
  note = {Accessed: 2023-12-08}
}

@misc{TB2,
  author = {mylarmelodies},
  title = {{Why We Bleep Podcast 004: Transistor Sounds Labs}},
  year = {2018},
  howpublished = {\url{https://www.youtube.com/watch?v=RjdkbFrxGJI}},
  note = {Accessed: 2023-12-25}
}

@misc{TB3,
  author = {Johnny Morgan Synth Dreams},
  title = {{A Brief Story of the Roland TB-303 Bassline Synthesizer}},
  year = {2022},
  howpublished = {\url{https://www.youtube.com/watch?v=nirWK2Btj40}},
  note = {Accessed: 2023-12-20}
}

@BOOK{Toussaint1,
  title     = "The geometry of musical rhythm",
  author    = "Toussaint, Godfried T",
  publisher = "CRC Press",
  month     =  jan,
  year      =  2013,
  address   = "Boca Raton, FL",
  language  = "en"
}

@article{Toussaint2,

title = {The Euclidean Algorithm Generates Traditional Musical Rhythms},
journal = {Proceedings of BRIDGES: Mathematical Connections in Art, Music, and Science},
pages   = {47-56},
year    = {2005},
author  = {Toussaint, Godfried T.}
}


@article{Milne,
  title = {Xronomorph: Algorithmic Generation Of Perfectly Balanced And Well-Formed Rhythms},
  journal = {Proceedings of the International Conference on New Interfaces for Musical Expression},
  pages = {388-393},
  year = {2016},
  author = {Milne, Andrew J. and Herff,  Steffen A. and Bulger, David and Sethares,  William A. and Dean, Roger T.},
}

@BOOK{Gardner,
  title     = "Mathematical circus",
  author    = "Gardner, Martin",
  publisher = "Penguin Books",
  series    = "Penguin Press Science S.",
  month     =  oct,
  year      =  1990,
  address   = "Harlow, England"
}

@BOOK{Dickson,
  title     = "History of the Theory of Numbers, volume I: Divisibility and primality",
  author    = "Dickson, Leonard Eugene",
  publisher = "Dover Publications",
  month     =  dec,
  year      =  2013,
  address   = "Mineola, NY",
  language  = "en"
}

@misc{STM1,
  author = {STMicroelectronics}, 
  title = {{Long term value - STMicroelectronics}},
  year = {2023},
  howpublished = {\url{https://www.st.com/content/st_com/en/about/sustainability/generating-long-term-value.html}},
  note = {Accessed: 2023-12-28}
}

@misc{STM2,
  author = {STMicroelectronics},
  title = {{Responsible Mineral Sourcing - STMicroelectronics Sustainability Report 2022}},
  year = {2022}, 
  howpublished = {\url{https://www.sustainabilityreports.st.com/sr22/communities/responsible-mineral-sourcing.html}},
  note = {Accessed: 2023-12-30}
}

@misc{STM3,
  author =  {STMicroelectronics},
  title = {{Sustainability - STMicroelectronics}},
  year = 2023,
  howpublished ={\url{https://www.st.com/content/st_com/en/about/sustainability.html}},
  note = {Accessed: 2023-12-30}
}

@misc{Data1,
  author = {{University of York}},
  title  = {{Code of Practice on Research Integrity}},
  year   = 2022,
  howpublished = {\url{https://www.york.ac.uk/staff/research/governance/research-policies/research-code}},
  note = {Accessed: 2024-01-05}
}

@misc{CD4051BE,
  author = {{Digikey}},
  title  = {{CD4051BE Texas Instruments}},
  year   = 2024,
  howpublished = {\url{https://www.digikey.co.uk/en/products/detail/texas-instruments/CD4051BE/67305}},
  note = {Accessed: 2024-05-12}
}

@misc{SN74HC164N,
  author = {{RS}},
  title  = {{Texas Instruments SN74HC164N}},
  year   = 2024,
  howpublished = {\url{https://uk.rs-online.com/web/p/counter-ics/1449993?searchId=f2644161-b9f3-4a05-a849-8905c162842c&gb=s}},
  note = {Accessed: 2024-05-12}
}

@misc{MIDI_protocol,
  author = {{Simon Hutchinson}},
  title  = {{The MIDI Protocol: MIDI Messages | Simon Hutchinson}},
  year   = 2021,
  howpublished = {\url{https://www.youtube.com/watch?v=2BccxWkUgaU&t=336s}},
  note = {Accessed: 2024-05-15}
}

@misc{MIDI_out,
  author = {{Gadget Reboot}},
  title  = {{MIDI In/Out/Thru Interface for Arduino}},
  year   = 2023,
  howpublished = {\url{https://www.youtube.com/watch?v=Xt9l4Q9viOw}},
  note = {Accessed: 2024-05-15}
}

@misc{minilogue,
  author = {{Korg}},
  title  = {{Korg Minilogue - Polyphonic Analogue Synthesizer}},
  year   = 2024,
  howpublished = {\url{https://www.korg.co.uk/products/minilogue}},
  note = {Accessed: 2024-05-12}
}

@misc{LED_strips,
  author = {{The Hook Up}},
  title  = {{LED Strips, what's the difference? WS2811, WS2812B, 2812Eco, WS2813, WS2815, SK6812, SK9822}},
  year   = 2019,
  howpublished = {\url{https://www.youtube.com/watch?v=QnvircC22hU}},
  note = {Accessed: 2024-05-12}
}

@misc{ALUM,
  author = {{European Environment Agency}},
  title = {{Longer-lasting electronics benefit environment, climate and circular economy}},
  year = {2020},
  howpublished = {\url{https://www.eea.europa.eu/highlights/longer-lasting-electronics-benefit-environment}},
  note = {Accessed: 2024-05-18}
}

@manual{SK9824,
  title        = {SK9822},
  author       = {DONGGUANG OPSCO OPTOELECTRONICS CO., LTD},
  year         = {2016},
  version      = {1},
  note         = {Accessed: 2024-05-12},
  url          = {https://www.pololu.com/file/0J1234/sk9822_datasheet.pdf},
}

@manual{STM32_reference,
  title        = {RM0090 Reference manual},
  author       = {STmicroelectronics},
  year         = {2024},
  version      = {20},
  note         = {Accessed: 2024-05-12},
  url          = {https://www.st.com/resource/en/reference_manual/dm00031020-stm32f405-415-stm32f407-417-stm32f427-437-and-stm32f429-439-advanced-arm-based-32-bit-mcus-stmicroelectronics.pdf},
}





https://www.youtube.com/watch?v=QnvircC22hU


@BOOK{Barlett,
  title     = "Electronics for Beginners",
  author    = "Bartlett, Jonathan",
  publisher = "Apress",
  year      =  2020,
  address   = "Berkeley, CA"
}

@BOOK{Yiu,
  title = "The Definitive Guide to {ARM\textregistered{}} {CORTEX\textregistered{}-M3} and {CORTEX\textregistered{}-M4} Processors",
  author    = "Yiu, Joseph",
  publisher = "Elsevier",
  year      =  2014
}

@BOOK{Riley,
  title     = "Mathematical methods for physics and engineering",
  author    = "Riley, K F and Hobson, M P and Bence, S J",
  publisher = "Cambridge University Press",
  edition   =  3,
  month     =  mar,
  year      =  2006,
  address   = "Cambridge, England",
  language  = "en"
}







